@article
{
   dlib,
   author={Davis E. King},
   title={Dlib-ml: A Machine Learning Toolkit},
   journal={Journal of Machine Learning Research},
   volume={10},
   year={2009},
   pages={1755-1758}
}


@misc
{
  libs_intro,
  title = {Introduction to LIBS},
  howpublished = {\url{https://www.nist.gov/pml/atomic-spectroscopy-compendium-basic-ideas-notation-data-and-formulas/atomic-spectroscopy}},
  urldate = {2019-07-19}
}


# not cited!
@article
{
   measures,
   author={M. Sokolova and G. Lapalme},
   title={A systematic analysis of performance measures for classification tasks.},
   journal={Information Processing and Management},
   volume={45},
   year={2009},
   pages={427-437}
}


@article
{
   radiance,
   author={Palmer and M. James },
   title={The SI system and SI units for Radiometry and photometry},
   journal={Information Processing and Management},
   year={2012},
}

@article
{
   karkonosze,
   author={Monika Mierczyk and Bogdan Zagajewski 1 and Anna Jarocińska and Roksana Knapik},
   title={"Assessment of Imaging Spectroscopy for rock identification in the Karkonosze Mountains, Poland"},
   journal={Miscellanea Geographica},
   volume={20},
   year={2016},
   pages={34-40}
}

@misc
{
  nitron,
  title = {Thermo Scientific™ Niton™ portable X-ray fluorescence (XRF) analyzer},
  howpublished = {\url{https://www.thermofisher.com/bg/en/home/industrial/spectroscopy-elemental-isotope-analysis/portable-analysis-material-id/portable-mining-exploration-solutions/portable-hard-rock-mining-analysis.html}},
  urldate = {2020-04-18}
}
